@book{goodman2005introduction,
  title={Introduction to Fourier optics},
  author={Goodman, Joseph W},
  year={2005},
  publisher={Roberts and Company Publishers}
}
@article{sypek1995light,
	title={Light propagation in the Fresnel region. New numerical approach},
	author={Sypek, Maciej},
	journal={Optics communications},
	volume={116},
	number={1},
	pages={43--48},
	year={1995},
	publisher={Elsevier}
}
@article{sypek2009reply,
	title={Reply to the comment on “Light propagation in the Fresnel region--New numerical approach”},
	author={Sypek, Maciej},
	journal={Optics Communications},
	volume={282},
	number={6},
	pages={1074--1077},
	year={2009},
	publisher={Elsevier}
}
@article{matsushima2009band,
	title={Band-limited angular spectrum method for numerical simulation of free-space propagation in far and near fields},
	author={Matsushima, Kyoji and Shimobaba, Tomoyoshi},
	journal={Optics express},
	volume={17},
	number={22},
	pages={19662--19673},
	year={2009},
	publisher={Optical Society of America}
}
@book{born1999principles,
	title={Principles of optics: electromagnetic theory of propagation, interference and diffraction of light},
	author={Born, Max and Wolf, Emil},
	year={1999},
	publisher={Cambridge university press}
}
@book{goodman2015statistical,
	title={Statistical optics},
	author={Goodman, Joseph W and Haupt, Randy L},
	year={2015},
	publisher={John Wiley \& Sons}
}
@book{wolf2007introduction,
	title={Introduction to the Theory of Coherence and Polarization of Light},
	author={Wolf, Emil},
	year={2007},
	publisher={Cambridge University Press}
}
@book{mandel1995optical,
	title={Optical coherence and quantum optics},
	author={Mandel, Leonard and Wolf, Emil},
	year={1995},
	publisher={Cambridge university press}
}
@article{zhou2011computational,
	title={Computational cameras: Convergence of optics and processing},
	author={Zhou, Changyin and Nayar, Shree K},
	journal={Image Processing, IEEE Transactions on},
	volume={20},
	number={12},
	pages={3322--3340},
	year={2011},
	publisher={IEEE}
}
@book{adelson1991plenoptic,
	title={The plenoptic function and the elements of early vision},
	author={Adelson, Edward H and Bergen, James R},
	year={1991},
	publisher={Vision and Modeling Group, Media Laboratory, Massachusetts Institute of Technology}
}
@article{nayar2006computational,
	title={Computational cameras: Redefining the image},
	author={Nayar, Shree K},
	journal={Computer},
	number={8},
	pages={30--38},
	year={2006},
	publisher={IEEE}
}
@article{adelson1992single,
	title={Single lens stereo with a plenoptic camera},
	author={Adelson, Edward H and Wang, John Y. A.},
	journal={IEEE Transactions on Pattern Analysis \& Machine Intelligence},
	number={2},
	pages={99--106},
	year={1992},
	publisher={IEEE}
}
@article{georgiev2006light,
	title={Light field camera design for integral view photography},
	author={Georgiev, Todor and Intwala, Chintan},
	journal={Adobe System, Inc},
	year={2006}
}
@inproceedings{levoy1996light,
	title={Light field rendering},
	author={Levoy, Marc and Hanrahan, Pat},
	booktitle={Proceedings of the 23rd annual conference on Computer graphics and interactive techniques},
	pages={31--42},
	year={1996},
	organization={ACM}
}
@article{ng2005light,
	title={Light field photography with a hand-held plenoptic camera},
	author={Ng, Ren and Levoy, Marc and Br{\'e}dif, Mathieu and Duval, Gene and Horowitz, Mark and Hanrahan, Pat},
	journal={Computer Science Technical Report CSTR},
	volume={2},
	number={11},
	year={2005}
}
@phdthesis{ng2006digital,
	title={Digital light field photography},
	author={Ng, Ren},
	year={2006},
	school={stanford university}
}
@book{wolf2004geometric,
	title={Geometric optics on phase space},
	author={Wolf, Kurt Bernardo},
	year={2004},
	publisher={Springer Science \& Business Media}
}
@book{guillemin1990symplectic,
	title={Symplectic techniques in physics},
	author={Guillemin, Victor and Sternberg, Shlomo},
	year={1990},
	publisher={Cambridge University Press}
}
@article{georgiev2010focused,
	title={Focused plenoptic camera and rendering},
	author={Georgiev, Todor and Lumsdaine, Andrew},
	journal={Journal of Electronic Imaging},
	volume={19},
	number={2},
	pages={021106--021106},
	year={2010},
	publisher={International Society for Optics and Photonics}
}
@inproceedings{lumsdaine2009focused,
	title={The focused plenoptic camera},
	author={Lumsdaine, Andrew and Georgiev, Todor},
	booktitle={Computational Photography (ICCP), 2009 IEEE International Conference on},
	pages={1--8},
	year={2009},
	organization={IEEE}
}
@article{lumsdaine2008full,
	title={Full resolution lightfield rendering},
	author={Lumsdaine, Andrew and Georgiev, Todor},
	journal={Indiana University and Adobe Systems, Tech. Rep},
	year={2008}
}
@book{guillemin1990symplectic,
	title={Symplectic techniques in physics},
	author={Guillemin, Victor and Sternberg, Shlomo},
	year={1990},
	publisher={Cambridge University Press}
}
@article{sommerfeld1954optics,
	title={Optics Lectures on Theortical Physics, Vol. IV},
	author={Sommerfeld, Arnold},
	journal={Optics Lectures on Theortical Physics, Vol. IV by Arnold Sommerfeld New York, NY: Academic Press INC, 1954},
	volume={1},
	year={1954}
}
@book{gonzalez2004digital,
	title={Digital image processing using MATLAB},
	author={Gonzalez, Rafael C and Woods, Richard Eugene and Eddins, Steven L},
	year={2004},
	publisher={Pearson Education India}
}
@book{wolf2007introduction,
	title={Introduction to the Theory of Coherence and Polarization of Light},
	author={Wolf, Emil},
	year={2007},
	publisher={Cambridge University Press}
}
@misc{levoy2006microscope,
	title = { Stanford Light Field Microscope Project },
	author = {Mark, Levoy},
	year = {2005},
	publisher = {http://graphics.stanford.edu/projects/lfmicroscope/}
}
@article{pedrotti1993introduction,
	title={Introduction to optics 2nd edition},
	author={Pedrotti, Frank L and Pedrotti, Leno S},
	journal={Introduction to Optics 2nd Edition by Frank L. Pedrotti, SJ, Leno S. Pedrotti New Jersey: Prentice Hall, 1993},
	volume={1},
	year={1993}
}
@misc{georgiev2012super,
	title={Super-resolution with the focused plenoptic camera},
	author={Georgiev, Todor G and Lumsdaine, Andrew},
	year={2012},
	month=nov # "~20",
	publisher={Google Patents},
	note={US Patent 8,315,476}
}
@article{georgiev2009superresolution,
	title={Superresolution with plenoptic camera 2.0},
	author={Georgiev, Todor and Lumsdaine, Andrew},
	journal={Adobe Systems Incorporated, Tech. Rep},
	year={2009},
	publisher={Citeseer}
}
@inproceedings{bishop2009light,
	title={Light field superresolution},
	author={Bishop, Tom E and Zanetti, Sara and Favaro, Paolo},
	booktitle={Computational Photography (ICCP), 2009 IEEE International Conference on},
	pages={1--9},
	year={2009},
	organization={IEEE}
}
@article{georgiev2006spatio,
	title={Spatio-Angular Resolution Tradeoffs in Integral Photography.},
	author={Georgiev, Todor and Zheng, Ke Colin and Curless, Brian and Salesin, David and Nayar, Shree and Intwala, Chintan},
	journal={Rendering Techniques},
	volume={2006},
	pages={263--272},
	year={2006}
}
@inproceedings{georgiev2009depth,
	title={Depth of field in plenoptic cameras},
	author={Georgiev, Todor and Lumsdaine, Andrew},
	booktitle={Proc. Eurographics},
	volume={2009},
	year={2009}
}
@inproceedings{turola2014wave,
	title={Wave Optics Simulations of a Focused Plenoptic System},
	author={Turola, Massimo and Gruppetta, Steve},
	booktitle={Frontiers in Optics},
	pages={JTu3A--24},
	year={2014},
	organization={Optical Society of America}
}
@inproceedings{georgiev2011plenoptic,
	title={Plenoptic principal planes},
	author={Georgiev, Todor and Lumsdaine, Andrew and Goma, Sergio},
	booktitle={Imaging Systems and Applications},
	pages={JTuD3},
	year={2011},
	organization={Optical Society of America}
}
@inproceedings{georgiev2012multifocus,
	title={The multifocus plenoptic camera},
	author={Georgiev, Todor and Lumsdaine, Andrew},
	booktitle={IS\&T/SPIE Electronic Imaging},
	pages={829908--829908},
	year={2012},
	organization={International Society for Optics and Photonics}
}
@inproceedings{georgiev2011superresolution,
	title={Superresolution with the focused plenoptic camera},
	author={Georgiev, Todor and Chunev, Georgi and Lumsdaine, Andrew},
	booktitle={IS\&T/SPIE Electronic Imaging},
	pages={78730X--78730X},
	year={2011},
	organization={International Society for Optics and Photonics}
}
@inproceedings{georgiev2015plenoptic,
	title={Plenoptic Camera Resolution},
	author={Georgiev, Todor},
	booktitle={Computational Optical Sensing and Imaging},
	pages={JTh4A--2},
	year={2015},
	organization={Optical Society of America}
}
@inproceedings{bishop2009light,
	title={Light field superresolution},
	author={Bishop, Tom E and Zanetti, Sara and Favaro, Paolo},
	booktitle={Computational Photography (ICCP), 2009 IEEE International Conference on},
	pages={1--9},
	year={2009},
	organization={IEEE}
}
@article{bishop2012light,
	title={The light field camera: Extended depth of field, aliasing, and superresolution},
	author={Bishop, Tom E and Favaro, Paolo},
	journal={Pattern Analysis and Machine Intelligence, IEEE Transactions on},
	volume={34},
	number={5},
	pages={972--986},
	year={2012},
	publisher={IEEE}
}
@incollection{bishop2011full,
	title={Full-resolution depth map estimation from an aliased plenoptic light field},
	author={Bishop, Tom E and Favaro, Paolo},
	booktitle={Computer Vision--ACCV 2010},
	pages={186--200},
	year={2011},
	publisher={Springer}
}
@inproceedings{favaro2012split,
	title={A split-sensor light field camera for extended depth of field and superresolution},
	author={Favaro, Paolo},
	booktitle={SPIE Photonics Europe},
	pages={843602--843602},
	year={2012},
	organization={International Society for Optics and Photonics}
}
@inproceedings{georgiev2009high,
	title={High dynamic range image capture with plenoptic 2.0 camera},
	author={Georgiev, Todor G and Lumsdaine, Andrew and Goma, Sergio},
	booktitle={Signal recovery and synthesis},
	pages={SWA7P},
	year={2009},
	organization={Optical Society of America}
}
@inproceedings{lu2013high,
	title={High-resolution light-field microscopy},
	author={Lu, Chien-Hung and Muenzel, Stefan and Fleischer, Jason},
	booktitle={Computational Optical Sensing and Imaging},
	pages={CTh3B--2},
	year={2013},
	organization={Optical Society of America}
}
@inproceedings{boominathan2014improving,
	title={Improving resolution and depth-of-field of light field cameras using a hybrid imaging system},
	author={Boominathan, Vivek and Mitra, Kaushik and Veeraraghavan, Ashok},
	booktitle={Computational Photography (ICCP), 2014 IEEE International Conference on},
	pages={1--10},
	year={2014},
	organization={IEEE}
}
@inproceedings{perwass2012single,
	title={Single lens 3D-camera with extended depth-of-field},
	author={Perwass, Christian and Wietzke, Lennart},
	booktitle={Proc. SPIE},
	volume={8291},
	pages={829108},
	year={2012}
}
@article{hansen2011depth,
	title={Depth map estimation for plenoptic images},
	author={Hansen, Michael and Holk, Eric},
	year={2011}
}
@inproceedings{georgiev2009resolution,
	title={Resolution in plenoptic cameras},
	author={Georgiev, Todor G and Lumsdaine, Andrew},
	booktitle={Computational Optical Sensing and Imaging},
	pages={CTuB3},
	year={2009},
	organization={Optical Society of America}
}
@inproceedings{wetzstein2011computational,
	title={Computational plenoptic imaging},
	author={Wetzstein, Gordon and Ihrke, Ivo and Lanman, Douglas and Heidrich, Wolfgang},
	booktitle={Computer Graphics Forum},
	volume={30},
	number={8},
	pages={2397--2426},
	year={2011},
	organization={Wiley Online Library}
}
@incollection{johannsen2013calibration,
	title={On the calibration of focused plenoptic cameras},
	author={Johannsen, Ole and Heinze, Christian and Goldluecke, Bastian and Perwa{\ss}, Christian},
	booktitle={Time-of-Flight and Depth Imaging. Sensors, Algorithms, and Applications},
	pages={302--317},
	year={2013},
	publisher={Springer}
}
@book{herzig1997micro,
	title={Micro-optics: elements, systems and applications},
	author={Herzig, Hans Peter},
	year={1997},
	publisher={CRC Press}
}
@inproceedings{shroff2012high,
	title={High resolution image reconstruction for plenoptic imaging systems using system response},
	author={Shroff, Sapna and Berkner, Kathrin},
	booktitle={Computational Optical Sensing and Imaging},
	pages={CM2B--2},
	year={2012},
	organization={Optical Society of America}
}
@article{shroff2013image,
	title={Image formation analysis and high resolution image reconstruction for plenoptic imaging systems},
	author={Shroff, Sapna A and Berkner, Kathrin},
	journal={Applied optics},
	volume={52},
	number={10},
	pages={D22--D31},
	year={2013},
	publisher={Optical Society of America}
}
@book{linos2015catalog,
	title={The Linos Catalog},
	author={Quioptiq, Photonics for Iinnovations},
	year={2015},
}
@article{kohler1893new,
	title={A new system of illumination for photomicrographic purposes},
	author={K{\"o}hler, August},
	journal={Z. Wiss. Mikroskopie},
	volume={10},
	pages={433--440},
	year={1893}
}
@misc{kohler1934device,
	title={Device for light-field and darkfield illumination of microscopic objects},
	author={Kohler, August and Bauersfeld, Walter},
	year={1934},
	month=jan # "~16",
	publisher={Google Patents},
	note={US Patent 1,943,510}
}
@book{plato1945republic,
	title={The republic of Plato},
	author={Plato and Cornford, Francis Macdonald},
	volume={30},
	year={1945},
	publisher={Oxford University Press New York}
}
@article{carroll2013adaptive,
	title={Adaptive optics retinal imaging-clinical opportunities and challenges},
	author={Carroll, Joseph and Kay, David B and Scoles, Drew and Dubra, Alfredo and Lombardo, Marco},
	journal={Current eye research},
	volume={38},
	number={7},
	pages={709--721},
	year={2013},
	publisher={Informa Healthcare USA, Inc. New York}
}
@article{gabriel1908photographie,
	title={La photographie int{\'e}grale},
	author={Gabriel, Lippmann},
	journal={Comptes-Rendus, Acad{\'e}mie des Sciences},
	volume={146},
	pages={446--551},
	year={1908}
}
@misc{ives1903parallax,
	title={Parallax stereogram and process of making same.},
	author={Ives, Frederic E},
	year={1903},
	month=apr # "~14",
	publisher={Google Patents},
	note={US Patent 725,567}
}
@article{ives1930parallax,
	title={Parallax panoramagrams made with a large diameter lens},
	author={Ives, Herbert E},
	journal={J. Opt. Soc. Amer},
	volume={20},
	pages={332--342},
	year={1930}
}
@inproceedings{wilburn2001light,
	title={Light field video camera},
	author={Wilburn, Bennett S and Smulski, Michal and Lee, Hsiao-Heng K and Horowitz, Mark A},
	booktitle={Electronic Imaging 2002},
	pages={29--36},
	year={2001},
	organization={International Society for Optics and Photonics}
}
@article{yang2002real,
	title={A Real-Time Distributed Light Field Camera.},
	author={Yang, Jason C and Everett, Matthew and Buehler, Chris and McMillan, Leonard},
	journal={Rendering Techniques},
	volume={2002},
	pages={77--86},
	year={2002}
}
@inproceedings{nomura2007scene,
	title={Scene collages and flexible camera arrays},
	author={Nomura, Yoshikuni and Zhang, Li and Nayar, Shree K},
	booktitle={Proceedings of the 18th Eurographics conference on Rendering Techniques},
	pages={127--138},
	year={2007},
	organization={Eurographics Association}
}
@inproceedings{taguchi2010axial,
	title={Axial light field for curved mirrors: Reflect your perspective, widen your view},
	author={Taguchi, Yuichi and Agrawal, Amit and Ramalingam, Srikumar and Veeraraghavan, Ashok},
	booktitle={Computer Vision and Pattern Recognition (CVPR), 2010 IEEE Conference on},
	pages={499--506},
	year={2010},
	organization={IEEE}
}
@inproceedings{gortler1996lumigraph,
	title={The lumigraph},
	author={Gortler, Steven J and Grzeszczuk, Radek and Szeliski, Richard and Cohen, Michael F},
	booktitle={Proceedings of the 23rd annual conference on Computer graphics and interactive techniques},
	pages={43--54},
	year={1996},
	organization={ACM}
}
@inproceedings{ueda2008adaptive,
	title={Adaptive integral photography imaging with variable-focus lens array},
	author={Ueda, Kensuke and Koike, Takafumi and Takahashi, Keita and Naemura, Takeshi},
	booktitle={Electronic Imaging 2008},
	pages={68031A--68031A},
	year={2008},
	organization={International Society for Optics and Photonics}
}
@article{veeraraghavan2007dappled,
	title={Dappled photography: Mask enhanced cameras for heterodyned light fields and coded aperture refocusing},
	author={Veeraraghavan, Ashok and Raskar, Ramesh and Agrawal, Amit and Mohan, Ankit and Tumblin, Jack},
	journal={ACM Trans. Graph.},
	volume={26},
	number={3},
	pages={69},
	year={2007}
}
@article{lanman2008shield,
	title={Shield fields: modeling and capturing 3D occluders},
	author={Lanman, Douglas and Raskar, Ramesh and Agrawal, Amit and Taubin, Gabriel},
	journal={ACM Transactions on Graphics (TOG)},
	volume={27},
	number={5},
	pages={131},
	year={2008},
	publisher={ACM}
}
@article{marwah2013compressive,
	title={Compressive light field photography using overcomplete dictionaries and optimized projections},
	author={Marwah, Kshitij and Wetzstein, Gordon and Bando, Yosuke and Raskar, Ramesh},
	journal={ACM Transactions on Graphics (TOG)},
	volume={32},
	number={4},
	pages={46},
	year={2013},
	publisher={ACM}
}
@inproceedings{ji2015depth,
	title={Depth Reconstruction from the Defocus Effect of an XSlit Camera},
	author={Ji, Yu and Ye, Jinwei and Yu, Jingyi},
	booktitle={Computational Optical Sensing and Imaging},
	pages={CM4E--3},
	year={2015},
	organization={Optical Society of America}
}
@inproceedings{fahringer2012tomographic,
	title={Tomographic reconstruction of a 3-d flow field using a plenoptic camera},
	author={Fahringer, Timothy and Thurow, Brian S},
	booktitle={42nd AIAA Fluid Dynamics Conference and Exhibit},
	volume={2826},
	year={2012}
}
@article{shroff2013image,
	title={Image formation analysis and high resolution image reconstruction for plenoptic imaging systems},
	author={Shroff, Sapna A and Berkner, Kathrin},
	journal={Applied optics},
	volume={52},
	number={10},
	pages={D22--D31},
	year={2013},
	publisher={Optical Society of America}
}
@article{birch2012depth,
	title={Depth measurements through controlled aberrations of projected patterns},
	author={Birch, Gabriel C and Tyo, J Scott and Schwiegerling, Jim},
	journal={Optics express},
	volume={20},
	number={6},
	pages={6561--6574},
	year={2012},
	publisher={Optical Society of America}
}
@article{farrell2012digital,
	title={Digital camera simulation},
	author={Farrell, Joyce E and Catrysse, Peter B and Wandell, Brian A},
	journal={Applied Optics},
	volume={51},
	number={4},
	pages={A80--A90},
	year={2012},
	publisher={Optical Society of America}
}
@inproceedings{lynch2012three,
	title={Three-dimensional particle image velocimetry using a plenoptic camera},
	author={Lynch, Kyle and Fahringer, Tim and Thurow, Brian},
	booktitle={AIAA Aerospace Sciences Meeting},
	year={2012}
}
@inproceedings{thurow2013recent,
	title={Recent development of volumetric PIV with a plenoptic camera},
	author={Thurow, Brian S and Fahringer, Timothy},
	booktitle={PIV13; 10th International Symposium on Particle Image Velocimetry, Delft, The Netherlands, July 1-3, 2013},
	year={2013},
	organization={Delft University of Technology, Faculty of Mechanical, Maritime and Materials Engineering, and Faculty of Aerospace Engineering}
}
@phdthesis{lynch2011development,
	title={Development of a 3-D fluid velocimetry technique based on light field imaging},
	author={Lynch, Kyle},
	year={2011},
	school={Auburn University}
}
@inproceedings{ueda2008multi,
	title={Multi-focal compound eye: liquid lens array for computational photography},
	author={Ueda, Kensuke and Lee, Dongha and Koike, Takafumi and Takahashi, Keita and Naemura, Takeshi},
	booktitle={ACM SIGGRAPH 2008 new tech demos},
	pages={28},
	year={2008},
	organization={ACM}
}
@book{hart1992adler,
	title={Adler's physiology of the eye: clinical application},
	author={Hart, William M and Adler, Francis Heed},
	year={1992},
	publisher={Mosby Inc}
}
@article{bracewell1965fourier,
	title={The Fourier Transform and IIS Applications},
	author={Bracewell, Ron},
	journal={New York},
	year={1965}
}
@article{pifferi2005performance,
	title={Performance assessment of photon migration instruments: the MEDPHOT protocol},
	author={Pifferi, Antonio and Torricelli, Alessandro and Bassi, Andrea and Taroni, Paola and Cubeddu, Rinaldo and Wabnitz, Heidrun and Grosenick, Dirk and M{\"o}ller, Michael and Macdonald, Rainer and Swartling, Johannes and others},
	journal={Applied optics},
	volume={44},
	number={11},
	pages={2104--2114},
	year={2005},
	publisher={Optical Society of America}
}
@article{re2013multi,
	title={Multi-channel medical device for time domain functional near infrared spectroscopy based on wavelength space multiplexing},
	author={Re, Rebecca and Contini, Davide and Turola, Massimo and Spinelli, Lorenzo and Zucchelli, Lucia and Caffini, Matteo and Cubeddu, Rinaldo and Torricelli, Alessandro},
	journal={Biomedical optics express},
	volume={4},
	number={10},
	pages={2231--2246},
	year={2013},
	publisher={Optical Society of America}
}
@misc{kerr2007derivation,
	title={Derivation of the „Cosine Fourth “Law for Falloff of Illuminance Across a Camera Image},
	author={Kerr, Douglas A},
	year={2007},
	publisher={Technical Report 4}
}