@book{goodman2005introduction,
  title={Introduction to Fourier optics},
  author={Goodman, Joseph W},
  year={2005},
  publisher={Roberts and Company Publishers}
}
@article{sypek1995light,
	title={Light propagation in the Fresnel region. New numerical approach},
	author={Sypek, Maciej},
	journal={Optics communications},
	volume={116},
	number={1},
	pages={43--48},
	year={1995},
	publisher={Elsevier}
}